<?xml version="1.0" encoding="UTF-8" ?><marc:collection xmlns:marc="http://www.loc.gov/MARC21/slim" xmlns:xsi="http://www.w3.org/2001/XMLSchema-instance" xsi:schemaLocation="http://www.loc.gov/MARC21/slim http://www.loc.gov/standards/marcxml/schema/MARC21slim.xsd">
<marc:record><marc:leader>04930cam a2200529Ii 4500</marc:leader>
<marc:controlfield tag="001">b23861344</marc:controlfield>
<marc:controlfield tag="003">UaCaAUL</marc:controlfield><marc:controlfield tag="005">20171008013305.0</marc:controlfield><marc:controlfield tag="008">060717m19001901ua            000 0 ara d</marc:controlfield><marc:datafield tag="035" ind1=" " ind2=" "><marc:subfield code="a">(OCoLC)70801467</marc:subfield></marc:datafield><marc:datafield tag="040" ind1=" " ind2=" "><marc:subfield code="a">NjP</marc:subfield><marc:subfield code="b">eng</marc:subfield><marc:subfield code="e">rda</marc:subfield><marc:subfield code="c">STF</marc:subfield><marc:subfield code="d">OCLCG</marc:subfield><marc:subfield code="d">ORZ</marc:subfield><marc:subfield code="d">OCLCF</marc:subfield><marc:subfield code="d">OCLCQ</marc:subfield><marc:subfield code="d">MEAUC</marc:subfield></marc:datafield><marc:datafield tag="043" ind1=" " ind2=" "><marc:subfield code="a">a-le---</marc:subfield></marc:datafield><marc:datafield tag="049" ind1=" " ind2=" "><marc:subfield code="a">MAIN</marc:subfield></marc:datafield><marc:datafield tag="050" ind1=" " ind2="4"><marc:subfield code="a">DS80.9</marc:subfield><marc:subfield code="b">.H39 1900</marc:subfield></marc:datafield><marc:datafield tag="066" ind1=" " ind2=" "><marc:subfield code="c">(3</marc:subfield></marc:datafield><marc:datafield tag="090" ind1=" " ind2=" "><marc:subfield code="a">DS80.9</marc:subfield><marc:subfield code="b">.H39 1900</marc:subfield></marc:datafield><marc:datafield tag="100" ind1="1" ind2=" "><marc:subfield code="6">880-01</marc:subfield><marc:subfield code="a">Ḥaydar Aḥmad al-Shihābī, Amīr,</marc:subfield><marc:subfield code="d">1761?-1835?</marc:subfield></marc:datafield><marc:datafield tag="240" ind1="1" ind2="0"><marc:subfield code="6">880-02</marc:subfield><marc:subfield code="a">Ghurar al-ḥisān fī akhbār abnāʼ al-zmān.</marc:subfield></marc:datafield><marc:datafield tag="245" ind1="1" ind2="0"><marc:subfield code="6">880-03</marc:subfield><marc:subfield code="a">Kitāb Tārīkh al-Amīr Ḥaydar Aḥmad al-Shihābī /</marc:subfield><marc:subfield code="c">wa-qad uḍīfat ilayhi ḥawāshī wa-iḍāfāt ʻadīdah bi-qalam multazim ṭabʻihi Naʻūm Mughabghab B. ʻA.</marc:subfield></marc:datafield><marc:datafield tag="246" ind1="3" ind2="0"><marc:subfield code="6">880-04</marc:subfield><marc:subfield code="a">Tārīkh al-Amīr Ḥaydar Aḥmad al-Shihābī.</marc:subfield></marc:datafield><marc:datafield tag="246" ind1="3" ind2="3"><marc:subfield code="6">880-05</marc:subfield><marc:subfield code="a">Ghurar al-ḥisān fī tawārīkh ḥawādith al-azmān.</marc:subfield></marc:datafield><marc:datafield tag="246" ind1="3" ind2="3"><marc:subfield code="6">880-06</marc:subfield><marc:subfield code="a">Kitāb al-Ghurar al-ḥisān fī tawārīkh ḥawādith al-azmān.</marc:subfield></marc:datafield><marc:datafield tag="264" ind1=" " ind2="1"><marc:subfield code="6">880-07</marc:subfield><marc:subfield code="a">Miṣr :</marc:subfield><marc:subfield code="b">Ṭubiʻ bi-Maṭbaʻat al-Salām bi-Miṣr,</marc:subfield><marc:subfield code="c">1900-1901.</marc:subfield></marc:datafield><marc:datafield tag="300" ind1=" " ind2=" "><marc:subfield code="a">3 volumes in 1 (1052 pages) ;</marc:subfield><marc:subfield code="c">24 cm.</marc:subfield></marc:datafield><marc:datafield tag="336" ind1=" " ind2=" "><marc:subfield code="a">text</marc:subfield><marc:subfield code="b">txt</marc:subfield><marc:subfield code="2">rdacontent.</marc:subfield></marc:datafield><marc:datafield tag="337" ind1=" " ind2=" "><marc:subfield code="a">unmediated</marc:subfield><marc:subfield code="b">n</marc:subfield><marc:subfield code="2">rdamedia.</marc:subfield></marc:datafield><marc:datafield tag="338" ind1=" " ind2=" "><marc:subfield code="a">volume</marc:subfield><marc:subfield code="b">nc</marc:subfield><marc:subfield code="2">rdacarrier.</marc:subfield></marc:datafield><marc:datafield tag="500" ind1=" " ind2=" "><marc:subfield code="6">880-08</marc:subfield><marc:subfield code="a">&quot;(Tanbih̄) inna tar̄ik̄h salat̄ịn̄ Al̄ ʻUthman̄ yastamir fi ̄had̄ha ̄al-juzʼ kama ̄sabaq wa-lakinnahu yabtadi ̄bi-taqsim̄ jadid̄ li-ajl suhul̄at al-muraj̄aʻah fi ̄hụkm Lubnan̄.&quot;--Page 747.</marc:subfield></marc:datafield><marc:datafield tag="500" ind1=" " ind2=" "><marc:subfield code="6">880-09</marc:subfield><marc:subfield code="a">Ḥuqūq al-ṭabʻ maḥfūẓah.</marc:subfield></marc:datafield><marc:datafield tag="505" ind1="0" ind2=" "><marc:subfield code="6">880-10</marc:subfield><marc:subfield code="a">al-Juzʼ al-awwal.  Kitāb al-Ghurar al-ḥisān fī tawārīkh ḥawādith al-azmān : wa-huwa yataḍammanu tārīkh alf wa-miʼah wa-ithnayn wa-sittīn sanah min mawlid al-Nabī, ṣallá Allāh ʻalayhi wa-sallam, ilá mawt al-Amīr Aḥmad al-Maʻnī -- al-Juzʼ al-thānī. al-musammá Kitāb Nuzʹhat al-zamān fī tārīkh jabal Lubnān : wa-huwa yataḍammanu wilāyat al-umarāʼ al-Shihābīyīn ʻalá jabal Lubnān mubtadiʼan min wafāt al-amīr Aḥmad al-Maʻnī wa-intiqāl al-ḥukm lil-Shihābīyīn ilá wilāyat al-Amīr Bashīr ʻUmar al-kabīr wa-huwa yashtamil ʻalá tārīkh 106 sinīn min sanat 1110 H.-1216 H. -- al-Juzʼ al-thālith. al-musammá al-Rawḍ al-naḍīr fī wilāyat al-Amīr Bashīr Qāsim al-kabīr wa-aʻmāluhu ḥattá mawtih wa-huwa yashtamil ʻalá tārīkh 28 sanah min sanat 1227 H. ilá sanat 1267.</marc:subfield></marc:datafield><marc:datafield tag="651" ind1=" " ind2="0"><marc:subfield code="a">Lebanon</marc:subfield><marc:subfield code="x">History.</marc:subfield></marc:datafield><marc:datafield tag="700" ind1="1" ind2=" "><marc:subfield code="6">880-11</marc:subfield><marc:subfield code="a">Mughabghab, Naʻūm.</marc:subfield></marc:datafield><marc:datafield tag="880" ind1="1" ind2=" "><marc:subfield code="6">100-01/(3/r</marc:subfield><marc:subfield code="a">حيدر احمد الشهابي، امير،‪</marc:subfield><marc:subfield code="d">1761؟-1835؟.</marc:subfield></marc:datafield><marc:datafield tag="880" ind1="1" ind2="0"><marc:subfield code="6">240-02/(3/r</marc:subfield><marc:subfield code="a">غرر الحسان في اخبار ابناء الزمان.</marc:subfield></marc:datafield><marc:datafield tag="880" ind1="1" ind2="0"><marc:subfield code="6">245-03/(3/r</marc:subfield><marc:subfield code="a">كتاب تاريخ الامير حيدر احمد الشهابي /‪</marc:subfield><marc:subfield code="c">وقد اضيفت اليه حواشي واضافات عديدة بقلم ملتزم طبعه نعوم مغبغب ب. ع..</marc:subfield></marc:datafield><marc:datafield tag="880" ind1="3" ind2="0"><marc:subfield code="6">246-04/(3/r</marc:subfield><marc:subfield code="a">تاريخ الامير حيدر احمد الشهابي.</marc:subfield></marc:datafield><marc:datafield tag="880" ind1="3" ind2="3"><marc:subfield code="6">246-05/(3/r</marc:subfield><marc:subfield code="a">غرر الحسان في تواريخ حوادث الازمان.</marc:subfield></marc:datafield><marc:datafield tag="880" ind1="3" ind2="3"><marc:subfield code="6">246-06/(3/r</marc:subfield><marc:subfield code="a">كتاب الغرر الحسان في تواريخ حوادث الازمان.</marc:subfield></marc:datafield><marc:datafield tag="880" ind1=" " ind2="1"><marc:subfield code="6">264-07/(3/r</marc:subfield><marc:subfield code="a">مصر :‪</marc:subfield><marc:subfield code="b">طبع بمطبعة السلام بمصر،‪</marc:subfield><marc:subfield code="c">19001901.</marc:subfield></marc:datafield><marc:datafield tag="880" ind1=" " ind2=" "><marc:subfield code="6">500-08/(3/r</marc:subfield><marc:subfield code="a">&quot;(تنبيه) ان تاريخ سلاطين آل عثمان يستمر فى هذا الجزء كما سبق ولكنه يبتدى بتقسيم جديد لاجل سهولة المراجعة فى حكم لبنان.&quot;--Page 747.</marc:subfield></marc:datafield><marc:datafield tag="880" ind1=" " ind2=" "><marc:subfield code="6">500-09/(3/r</marc:subfield><marc:subfield code="a">حقوق الطبع محفوظة..</marc:subfield></marc:datafield><marc:datafield tag="880" ind1="0" ind2=" "><marc:subfield code="6">505-10/(3/r</marc:subfield><marc:subfield code="a">الجزء الاول.  كتاب الغرر الحسان في تواريخ حوادث الازمان : وهو يتضمن تاريخ الف ومائة واثنين وستين سنة من مولد النبي، صلى الله عليه وسلم، الى موت الامير احمد المعني -- الجزء الثاني. المسمى كتاب نزهة الزمان في تاريخ جبل لبنان : وهو يتضمن ولاية الامراء الشهابيين على جبل لبنان مبتدئا من وفات الامير احمد المعني وانتقال الحكم للشهابيين الى ولاية الامير بشير عمر الكبير وهو يشتمل على تاريخ 106 سنين من سنة 1110 ه.-1216 ه. -- الجزء الثالث. المسمى الروض النضير في ولاية الامير بشير قاسم الكبير واعماله حتى موته : وهو يشتمل على تاريخ 28 سنة من سنة 1227 ه. الى سنة 1267.</marc:subfield></marc:datafield><marc:datafield tag="880" ind1="1" ind2=" "><marc:subfield code="6">700-11/(3/r</marc:subfield><marc:subfield code="a">مغبغب، نعوم..</marc:subfield></marc:datafield><marc:datafield tag="907" ind1=" " ind2=" "><marc:subfield code="a">.b23861344</marc:subfield><marc:subfield code="b">main </marc:subfield></marc:datafield><marc:datafield tag="902" ind1=" " ind2=" "><marc:subfield code="a">180312</marc:subfield></marc:datafield><marc:datafield tag="998" ind1=" " ind2=" "><marc:subfield code="b">0</marc:subfield><marc:subfield code="c">171010</marc:subfield><marc:subfield code="d">m</marc:subfield><marc:subfield code="e">a</marc:subfield><marc:subfield code="f">-</marc:subfield><marc:subfield code="g">0</marc:subfield><marc:subfield code="k">TA</marc:subfield></marc:datafield><marc:datafield tag="945" ind1=" " ind2=" "><marc:subfield code="l">main </marc:subfield><marc:subfield code="u">v.v.1-3</marc:subfield></marc:datafield></marc:record>
</marc:collection>
